<?xml version="1.0" encoding="UTF-8"?><collection xmlns="http://www.loc.gov/MARC21/slim"><record><leader>00570nam--2200169-i-4500</leader><controlfield tag="001">000020797</controlfield><controlfield tag="002">20161230</controlfield><controlfield tag="005">20161230201033</controlfield><controlfield tag="008">060222s1000------------r-----000-0-eng-d</controlfield><datafield ind1=" " ind2=" " tag="040"><subfield code="a">IFIN-HH</subfield></datafield><datafield ind1=" " ind2=" " tag="080"><subfield code="a">53(061.3)</subfield></datafield><datafield ind1=" " ind2=" " tag="100"><subfield code="a">Dorobantu, I.A</subfield></datafield><datafield ind1="1" ind2="0" tag="245"><subfield code="a">Trends in physics 1981. invited papers presented at the fifth general conference of the european physical society. istanbul, turkey, 7-11 september 1981</subfield><subfield code="c">I.a. dorobantu (ed.)</subfield></datafield><datafield ind1=" " ind2=" " tag="260"><subfield code="a">Bucharest</subfield><subfield code="b">Central Institute Of Physics</subfield><subfield code="c">1981</subfield></datafield><datafield ind1=" " ind2=" " tag="300"><subfield code="a">1262 P</subfield></datafield><datafield ind1=" " ind2=" " tag="852"><subfield code="a">80747</subfield><subfield code="c">53</subfield></datafield><datafield ind1=" " ind2=" " tag="CAT"><subfield code="a">Sys</subfield><subfield code="c">20151009</subfield><subfield code="h">131111</subfield></datafield></record></collection>